@Book{CMAFund,
author = {Dubois, J-M. and Berlin-Ferre, E.},
title = {Complex Metallic Alloys: Fundamentals and Applications},
publisher = {WILEY-VCH},
year = {2011},
address = {Weinheim}
}

@Article{SamRev,
author = {Feuerbacher, M., Thomas, C.},
title = {The Samson phase, B-Mg2Al3, revisited},
journal = {Z. Kristallogr.},
year = {2007},
volume = {222},
number = {6},
pages = {259-288}
}

@Article{PhysRev,
author = {Jeglic, P., Komelj, M., Klanjsek, M., Tkalec, U., Vrtnik, S., Feuerbacher, M., Dolinsek, J.},
title = {Phys. Rev. B},
journal = {},
year = {2007},
volume = {75},
number = {1},
pages = {14-202}
}

@Article{Riederer,
author = {Riederer, K.},
title = {},
journal = {Z. Metalk.},
year = {1936},
volume = {28},
number = {312},
pages = {}
}

@Article{Perlitz,
author = {Perlitz, H.},
title = {},
journal = {Nature},
year = {1944},
volume = {154},
number = {606},
pages = {}
}

@Article{Feuerbacher,
author = {Feuerbacher, M., Thomas, C., Makongo, J. P. A., Hoffmann, S., Carrillo-Cabrera, W., Cardoso, R., Grin, Y., Kreiner, G., Joubert, J.-M., Schenk, T., Gastaldi, J., Nguyen-Thi, H., Mangelinck-Noel, N., Billia, B., Donnadieu, P., Czyrska-Filemonowicz, A., Zielinska-Lipiec, A., Dubiel, B., Weber, T., Schaub, P., Krauss, G., Gramlich, V., Christense, J., Lidin, S., Fredrickson, D., Mihalkovic, M., Sikora, W., Malinowski, J., Bruhne, S., Proffen, T., Assmus, W., Boissieu, M. d., Bley, F., Chemin, J.-L., Schreuer, J., Steuer, W.},
title = {},
journal = {Z. Kristallogr.},
year = {2007},
volume = {222},
number = {6},
pages = {259-288}
}

@Article{Wolny,
author = {Wolny, J., Kozakowski, B., Duda, M., Kusz, J.},
title = {Phil. Mag. Lett.},
journal = {},
year = {2008},
volume = {88},
number = {},
pages = {501-507}
}

@Article{IsoIec2008,
author = {ISO/IEC},
title = {Systems and software engineering - Software life cycle processes},
journal = {},
year = {2008},
volume = {},
number = {12207},
pages = {}
}

@book{appliedSoftware,
  Author = {Andrew Stellman and Jennifer Greene},
  Title = {Applied Software Project Management},
  Publisher = {O'Reilly Media},
  Year = {2005},
  ISBN = {0596009488}
}

@Article{advencedSoft,
author = {Office of Naval Research},
title = {Symposium on advanced programming methods for digital computers},
journal = {Navy Mathematical Computing Advisory Panel.},
year = {1956},
volume = {OCLC},
number = {10794738},
pages = {}
}

@Article{waterfallModel,
author = {Markus Rerych},
title = {Wasserfallmodell - Entstehungskontext},
journal = {Institut für Gestaltungs und Wirkungsforschung},
year = {2007},
volume = {},
number = {},
pages = {}
}

@book{iterBrief,
  Author = {Craig Larman, Victor Basili},
  Title = {Iterative and Incremental Development: A Brief History},
  Publisher = {IEEE Computer},
  Year = {2003},
  ISBN = {}
}

@book{rup,
  Author = {Aked, Mark},
  Title = {RUP in brief},
  Publisher = {IBM},
  Year = {2011},
  ISBN = {}
}

@Article{spiral,
author = {Boehm B.},
title = {A Spiral Model of Software Development and Enhancement},
journal = {ACM SIGSOFT Software Engineering Notes},
year = {1986},
volume = {11},
number = {4},
pages = {14-25}
}

@book{agileAndIter,
  Author = {Larman, Craig},
  Title = {Agile and Iterative Development: A Manager's Guide},
  Publisher = {Addison-Wesley},
  Year = {2004},
  ISBN = {978-0-13-111155-4}
}

@Article{agileManifesto,
author = {Beck, Kent},
title = {Manifesto for Agile Software Development},
journal = {Agile Alliance},
year = {2001. Retrieved 2010},
volume = {},
number = {},
pages = {}
}

@book{lean,
  Author = {Ries, Eric},
  Title = {The Lean Startup: How Today's Entrepreneurs Use Continuous Innovation to Create Radically Successful Businesses},
  Publisher = {Crown Publishing},
  Year = {2011},
  ISBN = {978-0-307-88791-7}
}

@Article{openGLspec,
author = {Mark Segal, Kurt Akeley},
title = {The OpenGL Graphics System: A Specifcation Version 4.0 (Core Profle)},
journal = {},
year = {2010},
volume = {},
number = {},
pages = {}
}

@Article{xnaUrl,
author = {https://www.microsoft.com/en-us/news/press/2004/mar04/03-24xnalaunchpr.aspx},
title = {Microsoft: Next Generation of Games Starts With XNA},
journal = {},
year = {2004},
volume = {},
number = {},
pages = {}
}

@book{wpf,
author = {Matthew MacDonald},
title = {Pro WPF in C\#},
publisher = {Apress},
year = {2010},
ISBN = {978-1-4302-7205-2}
}

@book{directX,
author = {Jason Zink, Matt Pettineo, Jack Hoxley.},
title = {Practical Rendering and Computation with Direct3D 11},
publisher = {CRC Press},
year = {2011}
}

@book{fowler,
author = {Martin Fowler},
title = {Architektura systemów zarz±dzania przedsiêbiorstwem. Wzorce projektowe},
publisher = {Helion},
year = {2005},
ISBN = {83-7361-715-9}
}

@book{builder,
author = {Erich Gamma, Richard Helm, Ralph Johnson, John Vlissides},
title = {In¿ynieria oprogramowania: Wzorce projektowe},
publisher = {WNT},
year = {2008},
ISBN = {978-83-204-3472-9}
}

@book{csharp,
author = {Anders Hejlsberg, Mads Torgersen, Scott Wiltamuth, Peter Golde},
title = {Jêzyk C\# Programowanie Wydanie III},
publisher = {Helion},
year = {2010},
ISBN = {978-83-246-2195-8}
}

@book{GUIdef,
author = {Linux Information Project},
title = {GUI definition},
publisher = {},
year = {2008}
}

@book{Sketch,
author = {Ivan Edward},
title = {ketchpad: A Man-Machine Graphical Communication System},
publisher = {University of Cambridge},
year = {2003},
}

@book{parc,
author = {Gladwell, Malcolm},
title = {Creation Myth: Xerox PARC, Apple, and the truth about innovation},
publisher = {The New Yorker},
year = {2011}
}

@Article{extest,
author = {Cem Kaner},
title = {Exploratory Testing,},
journal = { Florida Institute of Technology, Quality Assurance Institute Worldwide Annual Software Testing Conference},
year = {2006},
volume = {},
number = {},
pages = {}
}

@book{TDD,
author = {Beck, K},
title = {Test-Driven Development by Example},
publisher = {Addison Wesley},
year = {2003}
}

@book{reportEco,
author = {NIST report},
title = {Software errors cost U.S. economy \$59.5 billion annually},
publisher = {},
year = {}
}

@book{codeComplete,
author = {McConnell, Steve},
title = {Code Complete },
publisher = {Microsoft Press},
year = {2004},
pages = {s. 29}
}

@book{softTesting,
author = {Ron, Patton},
title = {Software Testing},
publisher = {Sams},
year = {2005}
}

@Article{inter,
author = {\url{http://spaceflight.esa.int/impress/text/education/Solidification/Intermetallics_Immiscibles.html}},
title = {},
journal = {},
year = {},
volume = {},
number = {},
pages = {}
}

@book{req,
author = {Karl E. Wiegers},
title = {Software Requirements: Practical Techniques for Gathering and Managing Requirements Throughout the Product Development Cycle, Second Edition},
publisher = {Microsoft Press},
year = {2003},
pages = {}
}


@book{cormen,
author = {Thomas H. Cormen, Charles E. Leiserson, and Ronald L. Rives},
title = {Introduction to Algorithm},
publisher = {MIT Press},
year = {2002},
pages = {}
}


@book{sofscal,
author = {Dean Leffingwell},
title = {Scaling Software Agility: Best Practices for Large Enterprises},
publisher = {Addison-Wesley},
year = {2007},
pages = {}
}

@Article{sa,
author = {Kirkpatrick, S.; Gelatt, C. D.; Vecchi, M. P.},
title = {Optimization by Simulated Annealing},
journal = {Science},
year = {1983},
volume = {4598},
number = {220},
pages = {671-680}
}


@Article{simulation,
author = {\url{http://sig3.ecanews.org/isac2010/lectures/18_mihalkovic_simulation.pdf}}
}

@book{MD,
author = {M. P. Allen, D. J. Tildesley},
title = {Computer simulation of liquids},
publisher = {Oxford University Pres},
year = {1989},
pages = {}
}



